@mastersthesis{OT01,
  author =       "Rob Audenaerde",
  title =        "{Towards Ubiquitous Document Scanning}",
  school =  "University of Twente",
  month =        dec,
  year =         "2004",
}

@mastersthesis{MT01,
  author = "Matthew Tang",
  title = "{Hand Gesture Recognition Using Microsoft's Kinect}",
  school = "Stanford University",
  month = mar,
  year = "2011",
  }
  
@misc{MS01,
	author = "Microsoft Corporation",
    title = "{Kinect for Windows Sensor Setup}",
    howpublished = "\url{http://www.microsoft.com/en-us/kinectforwindows/purchase/sensor_setup.aspx}",
    }
   
@misc{MS02,
	author = "Microsoft Research",
    title = "{Kinect Sign Language Translator}",
    howpublished="\url{http://research.microsoft.com/en-us/collaboration/stories/kinect-sign-language-translator.aspx}"}
    
    
@misc{MS03,
	author = "Microsoft Research",
    title = "{Kinect Launches a Surgical Revolution}",
    howpublished = "\url{http://research.microsoft.com/en-us/news/features/touchlesssurgery-060712.aspx}",
    }
    
@misc{GH01,
	author = "OpenKinect",
    title = "{libfreenect2 repository}",
    howpublished="\url{https://github.com/OpenKinect/libfreenect2}",
   }
   
@misc{HI01,
	author = "Zhi-hua Chen, Jung-Tae Kim, Jianning Liang, Jing Zhang, and Yu-Bo Yuan",
    title = "{Real-Time Hand Gesture Recognition Using Finger Segmentation}",
    howpublished = "East China University of Technology",
    month = apr,
    year = "2014",
    }
    
@misc{ZH01,
	author = "Zhou Ren Junsong, Yuan Nanyang, and Zhengyou Zhang",
    title = "{Robust Hand Gesture Recognition Based on Finger- Earth Mover’s Distance with a Commodity Depth Camera}",
    howpublished = "Conference: Proceedings of the 19th International Conference on Multimedia 2011, Scottsdale, AZ, USA",
    }
   
@misc{SM01,
	author = "Samsung",
    title = "{Smart TV Gesture Book}",
    howpublished = "\url{http://www.samsung.com/global/microsite/tv/common/guide_book_5p_vi/thumb_up.html}",
    }
    
@misc{AB01,
	author = "Chiarella D., Cutugno P., Marconi L.",
    title = "{CADDIAN: A Human-Robot Interaction Language Based On Gestures}",
    howpublished = "Draft. CNR-ILC",
    month = sep,
    year = "2014",
    }
    
@misc{SA01,
	author = "Seong-Whan Lee",
    title = "{
Automatic gesture recognition for intelligent human-robot interaction}",
    howpublished = "Automatic Face and Gesture Recognition, 2006. FGR 2006. 7th International Conference",
    month = apr,
    year = "2006",
    }
    
@misc{SA02,
	author = "Robins, Ben; Dickerson, Paul; Stribling, Penny; Dautenhahn, Kerstin",
    title = "{
Robot-mediated joint attention in children with autism: A case study in robot-human interaction}",
    howpublished = "Interaction Studies, Volume 5, Number 2",
    year = "2004",
    }
    
@misc{SA03,
	author = "Candace L. Sidnera, Christopher Leea, Cory D. Kiddb, Neal Lesha, Charles Richa",
    title = "{Explorations in engagement for humans and robots}",
    howpublished = "Artificial Intelligence, Volume 166, Issues 1–2",
    month = aug,
    year = "2005",
    }

@misc{
	author = "Vitali Henne",
	title = "{Hand Gesture Recognition with a Depth-Sensing Camera}",
	howpublished =  "Bachelor's Thesis, Karlsruhe Institute Of Technology"
	month = jun,
	year = "2011"
}